00592cas a22002291a 4500
001 999315773502836
003 Nz
005 20160321142729.0
008 040112d18881894nz  r ne      0   0 eng  
035    $a (NLNZils)931577
035    $a (Nz)8181425
035    $a (NLNZils)931577-ilsdb
035    $a (OCoLC)173422708
040    $a NZNB $c NZNB
042    $a nznb
043    $a u-nz---
245 00 $a Reefton guardian.
260    $a [Reefton, N.Z. : $b s.n., $c 1888-1894?]
310    $a Daily
362 0  $a 1888 Aug.23-1894?
651  0 $a Reefton (N.Z.) $v Newspapers.
655  7 $a New Zealand newspapers. $2 local $5 Nz
